[gd_scene load_steps=20 format=2]

[ext_resource path="res://game/game.gd" type="Script" id=1]
[ext_resource path="res://game/environment/scrolling_background/scrolling_background.tscn" type="PackedScene" id=2]
[ext_resource path="res://game/ui/shieldbar/shieldbar.tscn" type="PackedScene" id=3]
[ext_resource path="res://game/ui/healthbar/healthbar.tscn" type="PackedScene" id=4]
[ext_resource path="res://game/entities/mothership/mothership.tscn" type="PackedScene" id=5]
[ext_resource path="res://game/ui/unit_button/unit_button.tscn" type="PackedScene" id=6]
[ext_resource path="res://game/entities/basic_unit/assets/basic_unit.png" type="Texture" id=7]
[ext_resource path="res://game/entities/dash/assets/dash.png" type="Texture" id=8]
[ext_resource path="res://game/entities/tank/assets/tank.png" type="Texture" id=9]
[ext_resource path="res://game/entities/mothership/assets/shield_icon.png" type="Texture" id=10]
[ext_resource path="res://game/ui/object_selection/scripts/object_selection.gd" type="Script" id=11]
[ext_resource path="res://game/ui/target_selection/scripts/target_selection.gd" type="Script" id=12]
[ext_resource path="res://game/ui/counter/scripts/counter.gd" type="Script" id=13]
[ext_resource path="res://game/assets/materials.png" type="Texture" id=14]
[ext_resource path="res://game/assets/parts.png" type="Texture" id=15]
[ext_resource path="res://game/entities/miner/assets/miner.png" type="Texture" id=16]
[ext_resource path="res://game/ui/pause_dialog/pause_dialog.tscn" type="PackedScene" id=17]
[ext_resource path="res://game/ui/game_over_dialog/game_over_dialog.tscn" type="PackedScene" id=18]
[ext_resource path="res://game/ui/text_dialog/text_dialog.tscn" type="PackedScene" id=19]

[node name="Game" type="Node2D"]
script = ExtResource( 1 )

[node name="HUD" type="CanvasLayer" parent="."]

[node name="Healthbar" parent="HUD" instance=ExtResource( 4 )]
margin_left = 20.0
margin_top = 20.0
margin_right = 920.0
margin_bottom = 34.0

[node name="Shieldbar" parent="HUD" instance=ExtResource( 3 )]
margin_left = 20.0
margin_top = 45.0
margin_right = 920.0
margin_bottom = 59.0

[node name="BasicUnitButton" parent="HUD" instance=ExtResource( 6 )]
margin_left = 30.0
margin_top = 940.0
margin_right = 140.0
margin_bottom = 1050.0
icon = ExtResource( 7 )

[node name="DashUnitButton" parent="HUD" instance=ExtResource( 6 )]
margin_left = 160.0
margin_top = 940.0
margin_right = 270.0
margin_bottom = 1050.0
icon = ExtResource( 8 )

[node name="TankUnitButton" parent="HUD" instance=ExtResource( 6 )]
margin_left = 290.0
margin_top = 940.0
margin_right = 400.0
margin_bottom = 1050.0
icon = ExtResource( 9 )

[node name="MinerButton" parent="HUD" instance=ExtResource( 6 )]
margin_left = 420.0
margin_top = 940.0
margin_right = 530.0
margin_bottom = 1050.0
icon = ExtResource( 16 )

[node name="ShieldButton" parent="HUD" instance=ExtResource( 6 )]
margin_left = 570.0
margin_top = 940.0
margin_right = 680.0
margin_bottom = 1050.0
toggle_mode = true
icon = ExtResource( 10 )

[node name="MaterialsIcon" type="TextureRect" parent="HUD"]
anchor_left = 1.0
anchor_right = 1.0
margin_left = -50.0
margin_top = 10.0
margin_right = -20.0
margin_bottom = 40.0
texture = ExtResource( 14 )
expand = true
stretch_mode = 1
__meta__ = {
"_edit_use_anchors_": false
}

[node name="PartsIcon" type="TextureRect" parent="HUD"]
anchor_left = 1.0
anchor_right = 1.0
margin_left = -50.0
margin_top = 45.0
margin_right = -20.0
margin_bottom = 75.0
texture = ExtResource( 15 )
expand = true
stretch_mode = 1
__meta__ = {
"_edit_use_anchors_": false
}

[node name="MaterialsCounter" type="Label" parent="HUD"]
anchor_left = 1.0
anchor_right = 1.0
margin_left = -60.0
margin_top = 10.0
margin_right = -60.0
margin_bottom = 24.0
grow_horizontal = 0
script = ExtResource( 13 )
__meta__ = {
"_edit_use_anchors_": false
}
font_size = 30

[node name="PartsCounter" type="Label" parent="HUD"]
anchor_left = 1.0
anchor_right = 1.0
margin_left = -60.0
margin_top = 45.0
margin_right = -60.0
margin_bottom = 59.0
grow_horizontal = 0
script = ExtResource( 13 )
__meta__ = {
"_edit_use_anchors_": false
}
font_size = 30

[node name="PauseDialog" parent="HUD" instance=ExtResource( 17 )]
visible = false

[node name="GameOverDialog" parent="HUD" instance=ExtResource( 18 )]
visible = false

[node name="IntroDialog" parent="HUD" instance=ExtResource( 19 )]
visible = false

[node name="Content" parent="HUD/IntroDialog/Splash" index="0"]
margin_left = -480.0
margin_top = -207.0
margin_right = 480.0
margin_bottom = 207.0

[node name="Text" parent="HUD/IntroDialog/Splash/Content" index="0"]
margin_left = -480.0
margin_top = -207.0
margin_right = 480.0
margin_bottom = 103.0
text = "You are Saeta Siqu, the captain of this ship. You were en route to a routine mission in a near solar system, but something went wrong during the jump and you ended up in an unknown part of the universe.

What's worse though, the warp drive's protection circuit broke down and its main component got completely melted. You better find the 25 parts needed to repair it and get the fuck out of here before something bad happens..."

[node name="ContinueButton" parent="HUD/IntroDialog/Splash/Content" index="1"]
margin_left = -480.0
margin_top = 153.0
margin_right = 480.0
margin_bottom = 207.0

[node name="EndingDialog" parent="HUD" instance=ExtResource( 19 )]
visible = false

[node name="Content" parent="HUD/EndingDialog/Splash" index="0"]
margin_left = -480.0
margin_top = -92.0
margin_right = 480.0
margin_bottom = 92.0

[node name="Text" parent="HUD/EndingDialog/Splash/Content" index="0"]
margin_left = -480.0
margin_top = -92.0
margin_right = 480.0
margin_bottom = -12.0
text = "Okay, you found the last part that we needed to repair the warp drive. Let's get out of here."

[node name="ContinueButton" parent="HUD/EndingDialog/Splash/Content" index="1"]
margin_left = -480.0
margin_top = 38.0
margin_right = 480.0
margin_bottom = 92.0
text = "Repair the warp drive!"

[node name="GameFinishedDialog" parent="HUD" instance=ExtResource( 18 )]
visible = false

[node name="Content" parent="HUD/GameFinishedDialog/Splash" index="0"]
margin_left = -344.0
margin_right = 344.0

[node name="Title" parent="HUD/GameFinishedDialog/Splash/Content" index="0"]
margin_left = -344.0
margin_right = 344.0
text = "Thanks for playing!"

[node name="RestartButton" parent="HUD/GameFinishedDialog/Splash/Content" index="1"]
margin_left = -344.0
margin_right = 344.0

[node name="QuitButton" parent="HUD/GameFinishedDialog/Splash/Content" index="2"]
margin_left = -344.0
margin_right = 344.0

[node name="Background" type="CanvasLayer" parent="."]
layer = -1

[node name="ScrollingBackground" parent="Background" instance=ExtResource( 2 )]

[node name="ObjectSelection" type="Node2D" parent="."]
z_index = 4
script = ExtResource( 11 )

[node name="TargetSelection" type="Node2D" parent="."]
z_index = 4
script = ExtResource( 12 )

[node name="Mothership" parent="." instance=ExtResource( 5 )]
position = Vector2( 960, 540 )

[node name="EverySecondTimer" type="Timer" parent="."]
autostart = true

[editable path="HUD/IntroDialog"]
[editable path="HUD/EndingDialog"]
[editable path="HUD/GameFinishedDialog"]
